<?xml version="1.0" encoding="UTF-8"?><collection xmlns="http://www.loc.gov/MARC21/slim"><record><leader>00558nam--2200181-i-4500</leader><controlfield tag="001">000021314</controlfield><controlfield tag="002">20161230</controlfield><controlfield tag="005">20161230201034</controlfield><controlfield tag="008">060222s1000------------r-----000-0-eng-d</controlfield><datafield ind1=" " ind2=" " tag="040"><subfield code="a">IFIN-HH</subfield></datafield><datafield ind1=" " ind2=" " tag="080"><subfield code="a">541</subfield></datafield><datafield ind1="1" ind2=" " tag="100"><subfield code="a">Hodgman, Charles D</subfield></datafield><datafield ind1="1" ind2="0" tag="245"><subfield code="a">Handbook of chemistry and physics. a ready-reference book of chemical and physical data</subfield><subfield code="c">Charles d. hodgman (ed.)</subfield></datafield><datafield ind1=" " ind2=" " tag="250"><subfield code="a">Thirty-seven Edition</subfield></datafield><datafield ind1=" " ind2=" " tag="260"><subfield code="a">Cleveland, Ohio</subfield><subfield code="b">Chemical Rubber Publishing</subfield><subfield code="c">1955</subfield></datafield><datafield ind1=" " ind2=" " tag="300"><subfield code="a">XVIII + 2737P</subfield></datafield><datafield ind1=" " ind2=" " tag="852"><subfield code="a">44494</subfield><subfield code="c">541.1</subfield></datafield><datafield ind1=" " ind2=" " tag="CAT"><subfield code="a">Sys</subfield><subfield code="c">20140207</subfield><subfield code="h">123344</subfield></datafield></record></collection>